<?xml version="1.0" encoding="UTF-8"?><collection xmlns="http://www.loc.gov/MARC21/slim"><record><leader>00319nam--2200121-i-4500</leader><controlfield tag="001">000003711</controlfield><controlfield tag="002">20161230</controlfield><controlfield tag="005">20161230201025</controlfield><controlfield tag="008">060222s1000------------r-----000-0-eng-d</controlfield><datafield ind1=" " ind2=" " tag="100"><subfield code="a">Cozin, H</subfield></datafield><datafield ind1=" " ind2=" " tag="245"><subfield code="a">Reglarea masinilor de frezat roti dintate cilindrice</subfield></datafield><datafield ind1=" " ind2=" " tag="260"><subfield code="a">Bucuresti, Ed.Tehnica, 1957</subfield></datafield><datafield ind1=" " ind2=" " tag="490"><subfield code="a">180p.+fig.+1 Pl</subfield></datafield></record></collection>